<?xml version="1.0" encoding="UTF-8"?><record xmlns="http://www.loc.gov/MARC21/slim" xmlns:cinclude="http://apache.org/cocoon/include/1.0" xmlns:zs="http://www.loc.gov/zing/srw/">
  <leader>00861cz  a2200145n  4500</leader>
  <controlfield tag="001">n  83189182 </controlfield>
  <controlfield tag="003">DLC</controlfield>
  <controlfield tag="005">20081211103917.0</controlfield>
  <controlfield tag="008">831007n| acannaabn          |n ana      </controlfield>
  <datafield tag="010" ind1=" " ind2=" ">
    <subfield code="a">n  83189182 </subfield>
  </datafield>
  <datafield tag="035" ind1=" " ind2=" ">
    <subfield code="a">(OCoLC)oca01004904</subfield>
  </datafield>
  <datafield tag="040" ind1=" " ind2=" ">
    <subfield code="a">DLC</subfield>
    <subfield code="b">eng</subfield>
    <subfield code="c">DLC</subfield>
    <subfield code="d">OCoLC</subfield>
  </datafield>
  <datafield tag="110" ind1="2" ind2=" ">
    <subfield code="a">Servant Catholic Church</subfield>
  </datafield>
  <datafield tag="670" ind1=" " ind2=" ">
    <subfield code="a">Its The sacramentary and daily office ... c1981:</subfield>
    <subfield code="b">t.p. (Servant Catholic Church, A.D. MCMLXXX) p. 3, etc. (a self-governing church within the world-wide family of independent Catholic churches; the most rev. Robert E. Burns, SSD, Bishop-Primate; the rt. rev. Patricia duMont Ford, SSD, Bishop-Coadjutor; Our Lady of Cana Center, Central Islip, NY)</subfield>
  </datafield>
  <datafield tag="675" ind1=" " ind2=" ">
    <subfield code="a">New Catholic encyc.;</subfield>
    <subfield code="a">Melton, J. G. Encyc. of Amer. religions, 1978;</subfield>
    <subfield code="a">Encyc. dict. of religion, 1979;</subfield>
    <subfield code="a">New int. dict. of the Christian church, 1978;</subfield>
    <subfield code="a">Handbook of denominations in U.S., 1980.</subfield>
  </datafield>
</record>